<?xml version="1.0" encoding="UTF-8"?><collection xmlns="http://www.loc.gov/MARC21/slim"><record><leader>00383nam--2200133-i-4500</leader><controlfield tag="001">000012166</controlfield><controlfield tag="002">20161230</controlfield><controlfield tag="005">20170220005701</controlfield><controlfield tag="008">060222s1000------------r-----000-0-eng-d</controlfield><datafield ind1=" " ind2=" " tag="245"><subfield code="a">Centre d etudes nucleaires de Fontenay Aux Roses, C.E.N.-F.A.R</subfield></datafield><datafield ind1=" " ind2=" " tag="260"><subfield code="a">Fontenay Aux Roses</subfield><subfield code="b">Centre D Etudes Nucleaires</subfield><subfield code="c">1964</subfield></datafield><datafield ind1=" " ind2=" " tag="300"><subfield code="a">47 p</subfield></datafield><datafield ind1=" " ind2=" " tag="852"><subfield code="a">061.62(44)</subfield></datafield><datafield ind1=" " ind2=" " tag="CAT"><subfield code="a">SYS</subfield><subfield code="c">20170220</subfield><subfield code="h">005701</subfield></datafield></record></collection>